<?xml version="1.0" encoding="UTF-8"?><collection xmlns="http://www.loc.gov/MARC21/slim"><record><leader>00627nam--2200205-u-4500</leader><controlfield tag="001">000053158</controlfield><controlfield tag="002">20161230</controlfield><controlfield tag="005">20161230201051</controlfield><controlfield tag="008">110110s1000------------r-----000-0-eng-d</controlfield><datafield ind1=" " ind2=" " tag="020"><subfield code="a">1584884908</subfield></datafield><datafield ind1=" " ind2=" " tag="040"><subfield code="a">IFIN-HH</subfield></datafield><datafield ind1=" " ind2=" " tag="080"><subfield code="a">51-7:530.145:539.141</subfield></datafield><datafield ind1="1" ind2=" " tag="100"><subfield code="a">Lehmann, Detlef</subfield></datafield><datafield ind1="1" ind2="0" tag="245"><subfield code="a">Mathematical methods of many-body quantum field theory</subfield><subfield code="c">Detlef lehmann</subfield></datafield><datafield ind1=" " ind2=" " tag="260"><subfield code="a">Boca Raton, Florida</subfield><subfield code="b">Chapman &amp; Hall/Crc</subfield><subfield code="c">2005</subfield></datafield><datafield ind1=" " ind2=" " tag="300"><subfield code="a">253P</subfield></datafield><datafield ind1=" " ind2=" " tag="490"><subfield code="a">Chapman &amp; Hall/Crc Research Notes In Mathematics Series</subfield><subfield code="v">Vol. 436</subfield></datafield><datafield ind1=" " ind2="4" tag="650"><subfield code="a">Quantul Field Theory</subfield></datafield><datafield ind1=" " ind2=" " tag="852"><subfield code="a">81724</subfield><subfield code="c">539.141</subfield></datafield><datafield ind1=" " ind2=" " tag="CAT"><subfield code="a">Sys</subfield><subfield code="c">20110110</subfield><subfield code="h">103458</subfield></datafield></record></collection>